<?xml version="1.0" encoding="utf-8"?>
<record xmlns="http://www.loc.gov/MARC21/slim" xmlns:xsi="http://www.w3.org/2001/XMLSchema-instance" xsi:schemaLocation="http://www.loc.gov/MARC21/slim http://www.loc.gov/standards/marcxml/schema/MARC21slim.xsd">
	<leader>     nam a22        4500</leader>
	<controlfield tag="001">b12318863</controlfield>
	<controlfield tag="003">LeBAU</controlfield>
	<controlfield tag="006">m        d        </controlfield>
	<controlfield tag="007">cr cn |||m|||a</controlfield>
	<controlfield tag="008">170308s1914    ua cf   ob    ||1 0 ara d</controlfield>
	<datafield ind1=" " ind2=" " tag="040">
		<subfield code="a">NNU</subfield>
		<subfield code="b">ara</subfield>
		<subfield code="e">rda</subfield>
		<subfield code="c">NNU</subfield>
	</datafield>
	<datafield ind1=" " ind2="4" tag="050">
		<subfield code="a">BX136</subfield>
		<subfield code="b">.F38 1914</subfield>
	</datafield>
	<datafield ind1="0" ind2="4" tag="082">
		<subfield code="a">281.7</subfield>
		<subfield code="2">22</subfield>
	</datafield>
	<datafield ind1="1" ind2=" " tag="100">
		<subfield code="6">880-01</subfield>
		<subfield code="a">Fayyūmī, Salīm Sulaymān ‘Abd al-Sayyid,</subfield>
		<subfield code="e">author.</subfield>
	</datafield>
	<datafield ind1="1" ind2="0" tag="245">
		<subfield code="6">880-02</subfield>
		<subfield code="a">Mukhtaṣar tārīkh al-’ummah al-Qubṭīyah fī ‘aṣr al-wathanīyah wa-al-Masīḥīyah /</subfield>
		<subfield code="c">li-wāḍi‘ihi Salīm Sulaymān, mudarris riyāḍah bi-al-madāris al-thānawīyah bi-al-Qāhirah.</subfield>
	</datafield>
	<datafield ind1="3" ind2=" " tag="246">
		<subfield code="a">tārīkh al-’ummah al-Qubṭīyah fī ‘aṣr al-Wathanīyah wa-al-Masīḥīyah</subfield>
	</datafield>
	<datafield ind1="3" ind2="0" tag="246">
		<subfield code="a">tārīkh al-’ummah al-Qubṭīyah fī ‘aṣr al-Wathanīyah wa-al-Masīḥīyah</subfield>
	</datafield>
	<datafield ind1=" " ind2="1" tag="264">
		<subfield code="6">880-03</subfield>
		<subfield code="a">al-Qāhirah :</subfield>
		<subfield code="b">al-Maṭba‘ah al-Miṣrīyah al-Ahlīyah,</subfield>
		<subfield code="c">1914.</subfield>
	</datafield>
	<datafield ind1=" " ind2=" " tag="300">
		<subfield code="6">880-04</subfield>
		<subfield code="a">online resource (1 volume (580 pages), 2 unnumbered leaves of plates) :</subfield>
		<subfield code="b">illustrations, portraits</subfield>
	</datafield>
	<datafield ind1=" " ind2=" " tag="336">
		<subfield code="a">text</subfield>
		<subfield code="2">rdacontent</subfield>
	</datafield>
	<datafield ind1=" " ind2=" " tag="337">
		<subfield code="a">computer</subfield>
		<subfield code="2">rdamedia</subfield>
	</datafield>
	<datafield ind1=" " ind2=" " tag="338">
		<subfield code="a">online resource</subfield>
		<subfield code="2">rdacarrier</subfield>
	</datafield>
	<datafield ind1=" " ind2=" " tag="500">
		<subfield code="a">Part of the Arabic Collections Online (ACO) project, contributed by American University of Beirut's Jafet Memorial Library.</subfield>
	</datafield>
	<datafield ind1=" " ind2=" " tag="533">
		<subfield code="a">Electronic reproduction.</subfield>
		<subfield code="b">New York, N.Y. :</subfield>
		<subfield code="c">New York University,</subfield>
		<subfield code="d">2017.</subfield>
		<subfield code="5">NNU</subfield>
	</datafield>
	<datafield ind1="2" ind2="0" tag="610">
		<subfield code="6">880-05</subfield>
		<subfield code="a">Coptic Church</subfield>
		<subfield code="x">History.</subfield>
	</datafield>
	<datafield ind1=" " ind2="0" tag="650">
		<subfield code="6">880-06</subfield>
		<subfield code="a">Copts</subfield>
		<subfield code="x">History.</subfield>
	</datafield>
	<datafield ind1="2" ind2=" " tag="710">
		<subfield code="a">Jafet Memorial Library.</subfield>
	</datafield>
	<datafield ind1="0" ind2=" " tag="730">
		<subfield code="a">Arabic Collections Online.</subfield>
	</datafield>
	<datafield ind1="0" ind2="8" tag="776">
		<subfield code="i">Print version:</subfield>
		<subfield code="a">Fayyūmī, Salīm Sulaymān ‘Abd al-Sayyid, author.</subfield>
		<subfield code="t">Mukhtaṣar tārīkh al-’ummah al-Qubṭīyah fī ‘aṣr al-wathanīyah wa-al-Masīḥīyah</subfield>
		<subfield code="w">(LeBAU)b12318863</subfield>
	</datafield>
	<datafield ind1="4" ind2="0" tag="856">
		<subfield code="u">http://hdl.handle.net/2333.1/fxpnw2m7</subfield>
	</datafield>
	<datafield ind1="1" ind2=" " tag="880">
		<subfield code="6">100-01/r</subfield>
		<subfield code="a">فيومي، سليم سليمان عبد السيد،</subfield>
		<subfield code="e">مؤلف.</subfield>
		<subfield code="4">aut.</subfield>
	</datafield>
	<datafield ind1="1" ind2="0" tag="880">
		<subfield code="6">245-02/r</subfield>
		<subfield code="a">مختصر تاريخ الأمة القبطية في عصر الوثنية و المسيحية  /</subfield>
		<subfield code="c">لواضعه سليم سليمان، مدرس رياضة بالمدارس الثانوية بالقاهرة.</subfield>
	</datafield>
	<datafield ind1="3" ind2="0" tag="880">
		<subfield code="6">246-00/r</subfield>
		<subfield code="a">تاريخ الأمة القبطية في عصر الوثنية والمسيحية</subfield>
	</datafield>
	<datafield ind1=" " ind2="1" tag="880">
		<subfield code="6">264-03/r</subfield>
		<subfield code="a">القاهرة :</subfield>
		<subfield code="b">المطبعة المصرية الأهلية،</subfield>
		<subfield code="c">1914.</subfield>
	</datafield>
	<datafield ind1=" " ind2=" " tag="880">
		<subfield code="6">300-04/r</subfield>
		<subfield code="a">1 جزء (580 صفحة)، 2 ورقة لوحات غير مرقمة :</subfield>
		<subfield code="b">مصورات، صور شخصانية ؛</subfield>
		<subfield code="c">20 سم</subfield>
	</datafield>
	<datafield ind1=" " ind2=" " tag="880">
		<subfield code="6">504-00/r</subfield>
		<subfield code="a">يتضمن مراجع ببليوغرافية وكشاف.</subfield>
	</datafield>
	<datafield ind1="0" ind2=" " tag="880">
		<subfield code="6">505-00/r</subfield>
		<subfield code="a">الجزء الأول. من القرن الثامن قبل الميلاد إلى القرن الرابع الميلادي.</subfield>
	</datafield>
	<datafield ind1=" " ind2=" " tag="880">
		<subfield code="6">590-00/r</subfield>
		<subfield code="a">في المكتبة: الجزء 1.</subfield>
	</datafield>
	<datafield ind1="2" ind2="4" tag="880">
		<subfield code="6">610-05/r</subfield>
		<subfield code="a">الكنيسة القبطية</subfield>
		<subfield code="x">تاريخ.</subfield>
	</datafield>
	<datafield ind1=" " ind2="4" tag="880">
		<subfield code="6">650-06/r</subfield>
		<subfield code="a">الأقباط</subfield>
		<subfield code="x">تاريخ.</subfield>
	</datafield>
	<datafield ind1=" " ind2=" " tag="959">
		<subfield code="a">NNU</subfield>
		<subfield code="b">WEB</subfield>
		<subfield code="c">GENI</subfield>
		<subfield code="t">0</subfield>
		<subfield code="m">Electronic access</subfield>
		<subfield code="s">01</subfield>
	</datafield>
	<datafield ind1=" " ind2=" " tag="999">
		<subfield code="i">LeBAU_b12318863</subfield>
		<subfield code="s">aub_aco000555:v.1</subfield>
		<subfield code="e">(ERROR-880)(ERROR-MISC)</subfield>
		<subfield code="s">aub_aco000555:v.1</subfield>
	</datafield>
</record>
